 @article{Hong_Kuby_Murray_2018, title={A range-restricted recharging station coverage model for drone delivery service planning}, volume={90}, ISSN={0968090X}, DOI={10.1016/j.trc.2018.02.017}, journal={Transportation Research Part C: Emerging Technologies}, author={Hong, Insu and Kuby, Michael and Murray, Alan T.}, year={2018}, month=may, pages={198–212}, language={en} }


 @article{Chauhan_Unnikrishnan_Figliozzi_2019, 
    title={Maximum coverage capacitated facility location problem with range constrained drones}, volume={99}, ISSN={0968090X}, 
    DOI={10.1016/j.trc.2018.12.001}, 
    journal={Transportation Research Part C: Emerging Technologies}, 
    author={Chauhan, Darshan and Unnikrishnan, Avinash and Figliozzi, Miguel}, year={2019}, month=feb, pages={1–18}, 
    language={en} }

@article{figliozzi2017lifecycle,
  title={Lifecycle modeling and assessment of unmanned aerial vehicles (Drones) CO2e emissions},
  author={Figliozzi, Miguel A},
  journal={Transportation Research Part D: Transport and Environment},
  volume={57},
  pages={251--261},
  year={2017},
  publisher={Elsevier}
}