# Original Paper
@article{dukkanci2023drones,
  title={Drones for relief logistics under uncertainty after an earthquake},
  author={Dukkanci, Okan and Koberstein, Achim and Kara, Bahar Y},
  journal={European Journal of Operational Research},
  volume={310},
  number={1},
  pages={117--132},
  year={2023},
  publisher={Elsevier}
}

# Introduction
@misc{ups2017drone,
  author       = {{UPS}},
  title        = {{UPS Tests Residential Delivery Via Drone Launched From Atop Package Car}},
  year         = 2017,
  url          = {https://www.globenewswire.com/news-release/2017/02/21/925955/0/en/UPS-Tests-Residential-Delivery-Via-Drone-Launched-From-Atop-Package-Car.html},
  note         = {Accessed: 2024-05-21}
}

@misc{amazon2022drone,
  author       = {Amazon},
  title        = {Amazon Prime Air Prepares for Drone Deliveries},
  year         = 2022,
  url          = {https://www.aboutamazon.com/news/transportation/amazon-prime-air-prepares-for-drone-deliveries},
  note         = {Accessed: 2024-05-21}
}

@misc{dhl2018drone,
  author       = {DHL},
  title        = {Rapid Response from the Air: Medicines Successfully Delivered Using a Parcel Drone in East Africa},
  year         = 2018,
  url          = {https://www.dhl.com/global-en/home/press/press-archive/2018/rapid-response-from-the-air-medicines-successfully-delivered-using-a-parcel-drone-in-east-africa.html},
  note         = {Accessed: 2024-05-21}
}

# Literature Review
@article{murray2015flying,
  title={The flying sidekick traveling salesman problem: Optimization of drone-assisted parcel delivery},
  author={Murray, Chase C and Chu, Amanda G},
  journal={Transportation Research Part C: Emerging Technologies},
  volume={54},
  pages={86--109},
  year={2015},
  publisher={Elsevier}
}

@article{dukkanci2023facility,
  title={Facility location decisions for drone delivery: A literature review},
  author={Dukkanci, Okan and Campbell, James F and Kara, Bahar Y},
  journal={European Journal of Operational Research},
  year={2023},
  publisher={Elsevier}
}

@article{murray2020multiple,
  title={The multiple flying sidekicks traveling salesman problem: Parcel delivery with multiple drones},
  author={Murray, Chase C and Raj, Ritwik},
  journal={Transportation Research Part C: Emerging Technologies},
  volume={110},
  pages={368--398},
  year={2020},
  publisher={Elsevier}
}

@article{chauhan2019maximum,
  title={Maximum coverage capacitated facility location problem with range constrained drones},
  author={Chauhan, Darshan and Unnikrishnan, Avinash and Figliozzi, Miguel},
  journal={Transportation Research Part C: Emerging Technologies},
  volume={99},
  pages={1--18},
  year={2019},
  publisher={Elsevier}
}

@article{church1974maximal,
  title={The maximal covering location problem},
  author={Church, Richard and Velle, Charles R},
  journal={Papers in regional science},
  volume={32},
  number={1},
  pages={101--118},
  year={1974},
  publisher={Elsevier}
}

@article{owen1998strategic,
  title={Strategic facility location: A review},
  author={Owen, Susan Hesse and Daskin, Mark S},
  journal={European journal of operational research},
  volume={111},
  number={3},
  pages={423--447},
  year={1998},
  publisher={Elsevier}
}

@article{farahani2012covering,
  title={Covering problems in facility location: A review},
  author={Farahani, Reza Zanjirani and Asgari, Nasrin and Heidari, Nooshin and Hosseininia, Mahtab and Goh, Mark},
  journal={Computers \& Industrial Engineering},
  volume={62},
  number={1},
  pages={368--407},
  year={2012},
  publisher={Elsevier}
}

@article{ahmed2013SDA,
  title={A scenario decomposition algorithm for 0--1 stochastic programs},
  author={Ahmed, Shabbir},
  journal={Operations Research Letters},
  volume={41},
  number={6},
  pages={565--569},
  year={2013},
  publisher={Elsevier}
}

@article{zhu2022two,
  title={Two-stage robust facility location problem with drones},
  author={Zhu, Tengkuo and Boyles, Stephen D and Unnikrishnan, Avinash},
  journal={Transportation Research Part C: Emerging Technologies},
  volume={137},
  pages={103563},
  year={2022},
  publisher={Elsevier}
}

# Formulation
@article{cheng2024robust,
  title={Robust drone delivery with weather information},
  author={Cheng, Chun and Adulyasak, Yossiri and Rousseau, Louis-Martin},
  journal={Manufacturing \& Service Operations Management},
  year={2024},
  publisher={INFORMS}
}

@article{dukkanci2021energyandcost,
  title={Minimizing energy and cost in range-limited drone deliveries with speed optimization},
  author={Dukkanci, Okan and Kara, Bahar Y and Bekta{\c{s}}, Tolga},
  journal={Transportation Research Part C: Emerging Technologies},
  volume={125},
  pages={102985},
  year={2021},
  publisher={Elsevier}
}

@book{birge2011introduction,
  title={Introduction to stochastic programming},
  author={Birge, John R and Louveaux, Francois},
  year={2011},
  publisher={Springer Science \& Business Media}
}

@article{kleywegt2002sample,
  title={The sample average approximation method for stochastic discrete optimization},
  author={Kleywegt, Anton J and Shapiro, Alexander and Homem-de-Mello, Tito},
  journal={SIAM Journal on optimization},
  volume={12},
  number={2},
  pages={479--502},
  year={2002},
  publisher={SIAM}
}

@article{stolaroff2018energy,
  title={Energy use and life cycle greenhouse gas emissions of drones for commercial package delivery},
  author={Stolaroff, Joshuah K and Samaras, Constantine and O'Neill, Emma R and Lubers, Alia and Mitchell, Alexandra S and Ceperley, Daniel},
  journal={Nature communications},
  volume={9},
  number={1},
  pages={409},
  year={2018},
  publisher={Nature Publishing Group UK London}
}

@article{zeng2019energy,
  title={Energy minimization for wireless communication with rotary-wing UAV},
  author={Zeng, Yong and Xu, Jie and Zhang, Rui},
  journal={IEEE transactions on wireless communications},
  volume={18},
  number={4},
  pages={2329--2345},
  year={2019},
  publisher={IEEE}
}

@article{erbeyouglu2020earthquake,
  title={A robust disaster preparedness model for effective and fair disaster response},
  author={Erbeyo{\u{g}}lu, G{\"o}kalp and Bilge, {\"U}mit},
  journal={European Journal of Operational Research},
  volume={280},
  number={2},
  pages={479--494},
  year={2020},
  publisher={Elsevier}
}

@article{laporte1993integer,
  title={The integer L-shaped method for stochastic integer programs with complete recourse},
  author={Laporte, Gilbert and Louveaux, Fran{\c{c}}ois V},
  journal={Operations research letters},
  volume={13},
  number={3},
  pages={133--142},
  year={1993},
  publisher={Elsevier}
}

@article{karaca2018potential,
  title={The potential use of unmanned aircraft systems (drones) in mountain search and rescue operations},
  author={Karaca, Yunus and Cicek, Mustafa and Tatli, Ozgur and Sahin, Aynur and Pasli, Sinan and Beser, Muhammed Fatih and Turedi, Suleyman},
  journal={The American journal of emergency medicine},
  volume={36},
  number={4},
  pages={583--588},
  year={2018},
  publisher={Elsevier}
}

@misc{Zipline2020,
  title = {Zipline Drones Deliver Coronavirus Supplies in Africa},
  author = {Grace Dean and Berlinda Entsie},
  journal = {Business Insider Africa},
  year = {2020},
  url = {https://www.businessinsider.com/zipline-drone-coronavirus-supplies-africa-rwanda-ghana-2020-5},
  note = {Accessed: 2024-06-03}
}

@article{figliozzi2017lifecycle,
  title={Lifecycle modeling and assessment of unmanned aerial vehicles (Drones) CO2e emissions},
  author={Figliozzi, Miguel A},
  journal={Transportation Research Part D: Transport and Environment},
  volume={57},
  pages={251--261},
  year={2017},
  publisher={Elsevier}
}

@article{van2023converging,
  title={A converging Benders' decomposition algorithm for two-stage mixed-integer recourse models},
  author={van der Laan, Niels and Romeijnders, Ward},
  journal={Operations Research},
  year={2023},
  publisher={INFORMS}
}

@article{ozmen2002istanbul,
  title={{\.I}stanbul ili {\.I}{\c{c}}in deprem senaryosu},
  author={{\"O}zmen, B{\"u}lent},
  journal={T{\"u}rkiye M{\"u}hendislik Haberleri},
  volume={1},
  number={417},
  year={2002}
}