@article{dukkanci2023drones,
  title={Drones for relief logistics under uncertainty after an earthquake},
  author={Dukkanci, Okan and Koberstein, Achim and Kara, Bahar Y},
  journal={European Journal of Operational Research},
  volume={310},
  number={1},
  pages={117--132},
  year={2023},
  publisher={Elsevier}
}

@article{ahmed2013SDA,
  title={A scenario decomposition algorithm for 0--1 stochastic programs},
  author={Ahmed, Shabbir},
  journal={Operations Research Letters},
  volume={41},
  number={6},
  pages={565--569},
  year={2013},
  publisher={Elsevier}
}

@misc{ups2017drone,
  author       = {{UPS}},
  title        = {{UPS Tests Residential Delivery Via Drone Launched From Atop Package Car}},
  year         = 2017,
  url          = {https://www.globenewswire.com/news-release/2017/02/21/925955/0/en/UPS-Tests-Residential-Delivery-Via-Drone-Launched-From-Atop-Package-Car.html},
  note         = {Accessed: 2024-05-21}
}

@misc{amazon2022drone,
  author       = {Amazon},
  title        = {Amazon Prime Air Prepares for Drone Deliveries},
  year         = 2022,
  url          = {https://www.aboutamazon.com/news/transportation/amazon-prime-air-prepares-for-drone-deliveries},
  note         = {Accessed: 2024-05-21}
}

@misc{dhl2018drone,
  author       = {DHL},
  title        = {Rapid Response from the Air: Medicines Successfully Delivered Using a Parcel Drone in East Africa},
  year         = 2018,
  url          = {https://www.dhl.com/global-en/home/press/press-archive/2018/rapid-response-from-the-air-medicines-successfully-delivered-using-a-parcel-drone-in-east-africa.html},
  note         = {Accessed: 2024-05-21}
}

@article{cheng2024robust,
  title={Robust drone delivery with weather information},
  author={Cheng, Chun and Adulyasak, Yossiri and Rousseau, Louis-Martin},
  journal={Manufacturing \& Service Operations Management},
  year={2024},
  publisher={INFORMS}
}

@book{birge2011introduction,
  title={Introduction to stochastic programming},
  author={Birge, John R and Louveaux, Francois},
  year={2011},
  publisher={Springer Science \& Business Media}
}

@article{dukkanci2021minimizing,
  title={Minimizing energy and cost in range-limited drone deliveries with speed optimization},
  author={Dukkanci, Okan and Kara, Bahar Y and Bekta{\c{s}}, Tolga},
  journal={Transportation Research Part C: Emerging Technologies},
  volume={125},
  pages={102985},
  year={2021},
  publisher={Elsevier}
}

@article{stolaroff2018energy,
  title={Energy use and life cycle greenhouse gas emissions of drones for commercial package delivery},
  author={Stolaroff, Joshuah K and Samaras, Constantine and Oâ€™Neill, Emma R and Lubers, Alia and Mitchell, Alexandra S and Ceperley, Daniel},
  journal={Nature communications},
  volume={9},
  number={1},
  pages={409},
  year={2018},
  publisher={Nature Publishing Group UK London}
}

@article{zeng2019energy,
  title={Energy minimization for wireless communication with rotary-wing UAV},
  author={Zeng, Yong and Xu, Jie and Zhang, Rui},
  journal={IEEE transactions on wireless communications},
  volume={18},
  number={4},
  pages={2329--2345},
  year={2019},
  publisher={IEEE}
}

@article{laporte1993integer,
  title={The integer L-shaped method for stochastic integer programs with complete recourse},
  author={Laporte, Gilbert and Louveaux, Fran{\c{c}}ois V},
  journal={Operations research letters},
  volume={13},
  number={3},
  pages={133--142},
  year={1993},
  publisher={Elsevier}
}